@inproceedings{woo2023convnext,
  title={Convnext v2: Co-designing and scaling convnets with masked autoencoders},
  author={Woo, Sanghyun and Debnath, Shoubhik and Hu, Ronghang and Chen, Xinlei and Liu, Zhuang and Kweon, In So and Xie, Saining},
  booktitle={Proceedings of the IEEE/CVF Conference on Computer Vision and Pattern Recognition},
  pages={16133--16142},
  year={2023}
}

@article{dosovitskiy2020vit,
  title={An Image is Worth 16x16 Words: Transformers for Image Recognition at Scale},
  author={Dosovitskiy, Alexey and Beyer, Lucas and Kolesnikov, Alexander and Weissenborn, Dirk and Zhai, Xiaohua and Unterthiner, Thomas and  Dehghani, Mostafa and Minderer, Matthias and Heigold, Georg and Gelly, Sylvain and Uszkoreit, Jakob and Houlsby, Neil},
  journal={ICLR},
  year={2021}
}

@misc{wu2021cvtintroducingconvolutionsvision,
      title={CvT: Introducing Convolutions to Vision Transformers},
      author={Haiping Wu and Bin Xiao and Noel Codella and Mengchen Liu and Xiyang Dai and Lu Yuan and Lei Zhang},
      year={2021},
      eprint={2103.15808},
      archivePrefix={arXiv},
      primaryClass={cs.CV},
      url={https://arxiv.org/abs/2103.15808},
}

@misc{cassava-leaf-disease-classification,
    author = {ErnestMwebaze and Jesse Mostipak and Joyce and Julia Elliott and Sohier Dane},
    title = {Cassava Leaf Disease Classification},
    year = {2020},
    howpublished = {\url{https://kaggle.com/competitions/cassava-leaf-disease-classification}},
    note = {Kaggle}
}

@misc{uwm2024BacterialBlight,
    title={Bacterial Blight (UW Plant Disease Diagnostics Clinic)},
    author={University of Wisconsin–Madison},
    url={https://hort.extension.wisc.edu/articles/bacterial-blight}
}

@article{patil2015cassava,
  title={Cassava brown streak disease: a threat to food security in Africa},
  author={Patil, Basavaprabhu L and Legg, James P and Kanju, Edward and Fauquet, Claude M},
  journal={Journal of General Virology},
  volume={96},
  number={5},
  pages={956--968},
  year={2015},
  publisher={Microbiology Society}
}

@article{robson2024cassava,
  title={Cassava brown streak: A deadly virus on the move},
  author={Robson, Fran and Hird, Diane L and Boa, Eric},
  journal={Plant Pathology},
  volume={73},
  number={2},
  pages={221--241},
  year={2024},
  publisher={Wiley Online Library}
}

@article{chikoti2019cassava,
  title={Cassava mosaic disease: a review of a threat to cassava production in Zambia},
  author={Chikoti, Patrick Chiza and Mulenga, Rabson Mpundu and Tembo, Mathias and Sseruwagi, Peter},
  journal={Journal of Plant Pathology},
  volume={101},
  number={3},
  pages={467--477},
  year={2019},
  publisher={Springer}
}

@article{aurelio2019learning,
  title={Learning from imbalanced data sets with weighted cross-entropy function},
  author={Aurelio, Yuri Sousa and De Almeida, Gustavo Matheus and de Castro, Cristiano Leite and Braga, Antonio Padua},
  journal={Neural processing letters},
  volume={50},
  pages={1937--1949},
  year={2019},
  publisher={Springer}
}

@InProceedings{Szegedy_2016_CVPR,
author = {Szegedy, Christian and Vanhoucke, Vincent and Ioffe, Sergey and Shlens, Jon and Wojna, Zbigniew},
title = {Rethinking the Inception Architecture for Computer Vision},
booktitle = {Proceedings of the IEEE Conference on Computer Vision and Pattern Recognition (CVPR)},
month = {June},
year = {2016}
}

@article{muller2019does,
  title={When does label smoothing help?},
  author={M{\"u}ller, Rafael and Kornblith, Simon and Hinton, Geoffrey E},
  journal={Advances in neural information processing systems},
  volume={32},
  year={2019}
}

@article{vaswani2017attention,
  title={Attention is all you need},
  author={Ashish Vaswani and Noam Shazeer and Niki Parmar and Jakob Uszkoreit and Llion Jones and Aidan N. Gomez and Lukasz Kaiser and Illia Polosukhin},
  journal={Advances in Neural Information Processing Systems},
  year={2017}
}

@misc{google_cropnet_cassava_2022,
  author       = {Google},
  title        = {TensorFlow CropNet Cassava Disease Classification Model},
  year         = {2022},
  url          = {https://tfhub.dev/google/cropnet/classifier/cassava_disease_V1/2},
  note         = {Online; accessed 18-Nov-2024}
}

@inproceedings{howard2019searching,
  title={Searching for mobilenetv3},
  author={Howard, Andrew and Sandler, Mark and Chu, Grace and Chen, Liang-Chieh and Chen, Bo and Tan, Mingxing and Wang, Weijun and Zhu, Yukun and Pang, Ruoming and Vasudevan, Vijay and others},
  booktitle={Proceedings of the IEEE/CVF international conference on computer vision},
  pages={1314--1324},
  year={2019}
}

@inproceedings{deng2009imagenet,
  title={Imagenet: A large-scale hierarchical image database},
  author={Deng, Jia and Dong, Wei and Socher, Richard and Li, Li-Jia and Li, Kai and Fei-Fei, Li},
  booktitle={2009 IEEE conference on computer vision and pattern recognition},
  pages={248--255},
  year={2009},
  organization={Ieee}
}

@inproceedings{he2016deep,
  title={Deep residual learning for image recognition},
  author={He, Kaiming and Zhang, Xiangyu and Ren, Shaoqing and Sun, Jian},
  booktitle={Proceedings of the IEEE conference on computer vision and pattern recognition},
  pages={770--778},
  year={2016}
}

@inproceedings{liu2022convnet,
  title={A convnet for the 2020s},
  author={Liu, Zhuang and Mao, Hanzi and Wu, Chao-Yuan and Feichtenhofer, Christoph and Darrell, Trevor and Xie, Saining},
  booktitle={Proceedings of the IEEE/CVF conference on computer vision and pattern recognition},
  pages={11976--11986},
  year={2022}
}

@article{hu2021lora,
  title={Lora: Low-rank adaptation of large language models},
  author={Hu, Edward J and Shen, Yelong and Wallis, Phillip and Allen-Zhu, Zeyuan and Li, Yuanzhi and Wang, Shean and Wang, Lu and Chen, Weizhu},
  journal={arXiv preprint arXiv:2106.09685},
  year={2021}
}

@misc{loshchilov2019decoupledweightdecayregularization,
      title={Decoupled Weight Decay Regularization},
      author={Ilya Loshchilov and Frank Hutter},
      year={2019},
      eprint={1711.05101},
      archivePrefix={arXiv},
      primaryClass={cs.LG},
      url={https://arxiv.org/abs/1711.05101},
}

@article{paszke2019pytorch,
  title={Pytorch: An imperative style, high-performance deep learning library},
  author={Paszke, Adam and Gross, Sam and Massa, Francisco and Lerer, Adam and Bradbury, James and Chanan, Gregory and Killeen, Trevor and Lin, Zeming and Gimelshein, Natalia and Antiga, Luca and others},
  journal={Advances in neural information processing systems},
  volume={32},
  year={2019}
}

@inproceedings{wolf-etal-2020-transformers,
    title = "Transformers: State-of-the-Art Natural Language Processing",
    author = "Thomas Wolf and Lysandre Debut and Victor Sanh and Julien Chaumond and Clement Delangue and Anthony Moi and Pierric Cistac and Tim Rault and Rémi Louf and Morgan Funtowicz and Joe Davison and Sam Shleifer and Patrick von Platen and Clara Ma and Yacine Jernite and Julien Plu and Canwen Xu and Teven Le Scao and Sylvain Gugger and Mariama Drame and Quentin Lhoest and Alexander M. Rush",
    booktitle = "Proceedings of the 2020 Conference on Empirical Methods in Natural Language Processing: System Demonstrations",
    month = oct,
    year = "2020",
    address = "Online",
    publisher = "Association for Computational Linguistics",
    url = "https://www.aclweb.org/anthology/2020.emnlp-demos.6",
    pages = "38--45"
}

@manual{wandb_docs_2024,
  title        = {W\&B Docs | Weights \& Biases Documentation},
  author       = {{Weights \& Biases}},
  year         = {2024},
  url          = {https://docs.wandb.ai/},
  note         = {Accessed: 2024-11-18}
}

@article{goyal2017accurate,
  title={Accurate, large minibatch SG D: training imagenet in 1 hour},
  author={Goyal, P},
  journal={arXiv preprint arXiv:1706.02677},
  year={2017}
}

@article{loshchilov2016sgdr,
  title={Sgdr: Stochastic gradient descent with warm restarts},
  author={Loshchilov, Ilya and Hutter, Frank},
  journal={arXiv preprint arXiv:1608.03983},
  year={2016}
}

@article{buyukakyuz2024olora,
  title={OLoRA: Orthonormal Low-Rank Adaptation of Large Language Models},
  author={B{\"u}y{\"u}kaky{\"u}z, Kerim},
  journal={arXiv preprint arXiv:2406.01775},
  year={2024}
}

@misc{li2020pytorchdistributedexperiencesaccelerating,
      title={PyTorch Distributed: Experiences on Accelerating Data Parallel Training},
      author={Shen Li and Yanli Zhao and Rohan Varma and Omkar Salpekar and Pieter Noordhuis and Teng Li and Adam Paszke and Jeff Smith and Brian Vaughan and Pritam Damania and Soumith Chintala},
      year={2020},
      eprint={2006.15704},
      archivePrefix={arXiv},
      primaryClass={cs.DC},
      url={https://arxiv.org/abs/2006.15704},
}
